@article{mirjalili2018gender,
  title={Gender Privacy: An Ensemble of Semi Adversarial Networks for Confounding Arbitrary Gender Classifiers},
  author={Mirjalili, Vahid and Raschka, Sebastian and Ross, Arun},
  journal={arXiv preprint arXiv:1807.11936},
  year={2018}
}
@article{Kaggle,
  title={echocardiogram},
  author={rahul bhaskaran},
  year={2018-04-23}
}
